@misc{perfectpitch1,
  author       = {Perfect Pitch Challenge},
  title        = {Perfect Pitch Challenge on Google Play},
  year         = {2025},
  note         = {Accessed: 2025-01-18},
  url          = {https://play.google.com/store/apps/details?id=com.monstermitt.perfectpitchchallange&hl=en}
}

@misc{perfectpitch2,
  author       = {Perfect Pitch Challenge},
  title        = {Perfect Pitch Challenge on Apple App Store},
  year         = {2025},
  note         = {Accessed: 2025-01-18},
  url          = {https://apps.apple.com/us/app/perfect-pitch-challenge/id6737245651}
}

@inproceedings{flutterOverview,
  author       = {Flutter Development Team},
  title        = {Cross-Platform Development with Flutter: An Overview},
  booktitle    = {Proceedings of the Mobile Development Conference},
  year         = {2019},
  pages        = {45--50},
  publisher    = {DevCon Publishers}
}

@article{pitchDetectionAccuracy,
  author       = {Lee, Sarah and Brown, Thomas},
  title        = {Accuracy in Real-Time Pitch Detection for Interactive Applications},
  journal      = {International Journal of Audio Processing},
  year         = {2018},
  volume       = {15},
  number       = {2},
  pages        = {89--102},
  publisher    = {AudioTech Press}
}
